%YAML 1.1
%TAG !u! tag:unity3d.com,2011:
--- !u!1 &23190643062785547
GameObject:
  m_ObjectHideFlags: 0
  m_CorrespondingSourceObject: {fileID: 0}
  m_PrefabInstance: {fileID: 0}
  m_PrefabAsset: {fileID: 0}
  serializedVersion: 6
  m_Component:
  - component: {fileID: 20991571766511102}
  - component: {fileID: 4122077014976231559}
  m_Layer: 0
  m_Name: Spot Light (1)
  m_TagString: Untagged
  m_Icon: {fileID: 0}
  m_NavMeshLayer: 0
  m_StaticEditorFlags: 0
  m_IsActive: 1
--- !u!4 &20991571766511102
Transform:
  m_ObjectHideFlags: 0
  m_CorrespondingSourceObject: {fileID: 0}
  m_PrefabInstance: {fileID: 0}
  m_PrefabAsset: {fileID: 0}
  m_GameObject: {fileID: 23190643062785547}
  m_LocalRotation: {x: 0.7071068, y: 0, z: 0, w: 0.7071068}
  m_LocalPosition: {x: 0, y: -0.383, z: 0}
  m_LocalScale: {x: 1, y: 1, z: 1}
  m_Children: []
  m_Father: {fileID: 7694020610929228784}
  m_RootOrder: 13
  m_LocalEulerAnglesHint: {x: 90, y: 0, z: 0}
--- !u!108 &4122077014976231559
Light:
  m_ObjectHideFlags: 0
  m_CorrespondingSourceObject: {fileID: 0}
  m_PrefabInstance: {fileID: 0}
  m_PrefabAsset: {fileID: 0}
  m_GameObject: {fileID: 23190643062785547}
  m_Enabled: 1
  serializedVersion: 10
  m_Type: 0
  m_Shape: 0
  m_Color: {r: 1, g: 1, b: 1, a: 1}
  m_Intensity: 2.86
  m_Range: 2.24
  m_SpotAngle: 30
  m_InnerSpotAngle: 21.80208
  m_CookieSize: 10
  m_Shadows:
    m_Type: 0
    m_Resolution: -1
    m_CustomResolution: -1
    m_Strength: 1
    m_Bias: 0.05
    m_NormalBias: 0.4
    m_NearPlane: 0.2
    m_CullingMatrixOverride:
      e00: 1
      e01: 0
      e02: 0
      e03: 0
      e10: 0
      e11: 1
      e12: 0
      e13: 0
      e20: 0
      e21: 0
      e22: 1
      e23: 0
      e30: 0
      e31: 0
      e32: 0
      e33: 1
    m_UseCullingMatrixOverride: 0
  m_Cookie: {fileID: 0}
  m_DrawHalo: 0
  m_Flare: {fileID: 0}
  m_RenderMode: 0
  m_CullingMask:
    serializedVersion: 2
    m_Bits: 4294967295
  m_RenderingLayerMask: 1
  m_Lightmapping: 4
  m_LightShadowCasterMode: 0
  m_AreaSize: {x: 1, y: 1}
  m_BounceIntensity: 1
  m_ColorTemperature: 6570
  m_UseColorTemperature: 0
  m_BoundingSphereOverride: {x: 0, y: 0, z: 0, w: 0}
  m_UseBoundingSphereOverride: 0
  m_UseViewFrustumForShadowCasterCull: 1
  m_ShadowRadius: 0
  m_ShadowAngle: 0
--- !u!1 &594283835251326970
GameObject:
  m_ObjectHideFlags: 0
  m_CorrespondingSourceObject: {fileID: 0}
  m_PrefabInstance: {fileID: 0}
  m_PrefabAsset: {fileID: 0}
  serializedVersion: 6
  m_Component:
  - component: {fileID: 2227784081073210838}
  - component: {fileID: 8566281987560782749}
  - component: {fileID: 2966893750975544291}
  m_Layer: 0
  m_Name: Cube (4)
  m_TagString: Untagged
  m_Icon: {fileID: 0}
  m_NavMeshLayer: 0
  m_StaticEditorFlags: 0
  m_IsActive: 1
--- !u!4 &2227784081073210838
Transform:
  m_ObjectHideFlags: 0
  m_CorrespondingSourceObject: {fileID: 0}
  m_PrefabInstance: {fileID: 0}
  m_PrefabAsset: {fileID: 0}
  m_GameObject: {fileID: 594283835251326970}
  m_LocalRotation: {x: 0.2586443, y: -0.6270616, z: -0.26663062, w: 0.6846934}
  m_LocalPosition: {x: 0.006, y: -0.146, z: 0.467}
  m_LocalScale: {x: 0.53498, y: 0.27943, z: 0.22752}
  m_Children: []
  m_Father: {fileID: 7694020610929228784}
  m_RootOrder: 5
  m_LocalEulerAnglesHint: {x: 1.134, y: -85.422, z: -43.601}
--- !u!33 &8566281987560782749
MeshFilter:
  m_ObjectHideFlags: 0
  m_CorrespondingSourceObject: {fileID: 0}
  m_PrefabInstance: {fileID: 0}
  m_PrefabAsset: {fileID: 0}
  m_GameObject: {fileID: 594283835251326970}
  m_Mesh: {fileID: 10202, guid: 0000000000000000e000000000000000, type: 0}
--- !u!23 &2966893750975544291
MeshRenderer:
  m_ObjectHideFlags: 0
  m_CorrespondingSourceObject: {fileID: 0}
  m_PrefabInstance: {fileID: 0}
  m_PrefabAsset: {fileID: 0}
  m_GameObject: {fileID: 594283835251326970}
  m_Enabled: 1
  m_CastShadows: 1
  m_ReceiveShadows: 1
  m_DynamicOccludee: 1
  m_MotionVectors: 1
  m_LightProbeUsage: 1
  m_ReflectionProbeUsage: 1
  m_RayTracingMode: 2
  m_RayTraceProcedural: 0
  m_RenderingLayerMask: 1
  m_RendererPriority: 0
  m_Materials:
  - {fileID: 2100000, guid: 03b492c37dfdfb24b8d99cc0c6ebe3c0, type: 2}
  m_StaticBatchInfo:
    firstSubMesh: 0
    subMeshCount: 0
  m_StaticBatchRoot: {fileID: 0}
  m_ProbeAnchor: {fileID: 0}
  m_LightProbeVolumeOverride: {fileID: 0}
  m_ScaleInLightmap: 1
  m_ReceiveGI: 1
  m_PreserveUVs: 0
  m_IgnoreNormalsForChartDetection: 0
  m_ImportantGI: 0
  m_StitchLightmapSeams: 1
  m_SelectedEditorRenderState: 3
  m_MinimumChartSize: 4
  m_AutoUVMaxDistance: 0.5
  m_AutoUVMaxAngle: 89
  m_LightmapParameters: {fileID: 0}
  m_SortingLayerID: 0
  m_SortingLayer: 0
  m_SortingOrder: 0
  m_AdditionalVertexStreams: {fileID: 0}
--- !u!1 &1872388125431878987
GameObject:
  m_ObjectHideFlags: 0
  m_CorrespondingSourceObject: {fileID: 0}
  m_PrefabInstance: {fileID: 0}
  m_PrefabAsset: {fileID: 0}
  serializedVersion: 6
  m_Component:
  - component: {fileID: 7037198361543169025}
  - component: {fileID: 8124773612209094995}
  m_Layer: 0
  m_Name: Spot Light
  m_TagString: Untagged
  m_Icon: {fileID: 0}
  m_NavMeshLayer: 0
  m_StaticEditorFlags: 0
  m_IsActive: 1
--- !u!4 &7037198361543169025
Transform:
  m_ObjectHideFlags: 0
  m_CorrespondingSourceObject: {fileID: 0}
  m_PrefabInstance: {fileID: 0}
  m_PrefabAsset: {fileID: 0}
  m_GameObject: {fileID: 1872388125431878987}
  m_LocalRotation: {x: -0.7071068, y: 0, z: 0, w: 0.7071068}
  m_LocalPosition: {x: 0, y: 0.251, z: 0}
  m_LocalScale: {x: 1, y: 1, z: 1}
  m_Children: []
  m_Father: {fileID: 7694020610929228784}
  m_RootOrder: 11
  m_LocalEulerAnglesHint: {x: -90, y: 0, z: 0}
--- !u!108 &8124773612209094995
Light:
  m_ObjectHideFlags: 0
  m_CorrespondingSourceObject: {fileID: 0}
  m_PrefabInstance: {fileID: 0}
  m_PrefabAsset: {fileID: 0}
  m_GameObject: {fileID: 1872388125431878987}
  m_Enabled: 1
  serializedVersion: 10
  m_Type: 0
  m_Shape: 0
  m_Color: {r: 1, g: 1, b: 1, a: 1}
  m_Intensity: 2.38
  m_Range: 5
  m_SpotAngle: 30
  m_InnerSpotAngle: 21.80208
  m_CookieSize: 10
  m_Shadows:
    m_Type: 0
    m_Resolution: -1
    m_CustomResolution: -1
    m_Strength: 1
    m_Bias: 0.05
    m_NormalBias: 0.4
    m_NearPlane: 0.2
    m_CullingMatrixOverride:
      e00: 1
      e01: 0
      e02: 0
      e03: 0
      e10: 0
      e11: 1
      e12: 0
      e13: 0
      e20: 0
      e21: 0
      e22: 1
      e23: 0
      e30: 0
      e31: 0
      e32: 0
      e33: 1
    m_UseCullingMatrixOverride: 0
  m_Cookie: {fileID: 0}
  m_DrawHalo: 0
  m_Flare: {fileID: 0}
  m_RenderMode: 0
  m_CullingMask:
    serializedVersion: 2
    m_Bits: 4294967295
  m_RenderingLayerMask: 1
  m_Lightmapping: 4
  m_LightShadowCasterMode: 0
  m_AreaSize: {x: 1, y: 1}
  m_BounceIntensity: 1
  m_ColorTemperature: 6570
  m_UseColorTemperature: 0
  m_BoundingSphereOverride: {x: 0, y: 0, z: 0, w: 0}
  m_UseBoundingSphereOverride: 0
  m_UseViewFrustumForShadowCasterCull: 1
  m_ShadowRadius: 0
  m_ShadowAngle: 0
--- !u!1 &5096446017972645172
GameObject:
  m_ObjectHideFlags: 0
  m_CorrespondingSourceObject: {fileID: 0}
  m_PrefabInstance: {fileID: 0}
  m_PrefabAsset: {fileID: 0}
  serializedVersion: 6
  m_Component:
  - component: {fileID: 6057848521058272379}
  - component: {fileID: 5176262983919705345}
  m_Layer: 0
  m_Name: Point Light
  m_TagString: Untagged
  m_Icon: {fileID: 0}
  m_NavMeshLayer: 0
  m_StaticEditorFlags: 0
  m_IsActive: 1
--- !u!4 &6057848521058272379
Transform:
  m_ObjectHideFlags: 0
  m_CorrespondingSourceObject: {fileID: 0}
  m_PrefabInstance: {fileID: 0}
  m_PrefabAsset: {fileID: 0}
  m_GameObject: {fileID: 5096446017972645172}
  m_LocalRotation: {x: 0, y: 0, z: 0, w: 1}
  m_LocalPosition: {x: 1.15, y: 0, z: -0.22}
  m_LocalScale: {x: 1, y: 1, z: 1}
  m_Children: []
  m_Father: {fileID: 7694020610929228784}
  m_RootOrder: 12
  m_LocalEulerAnglesHint: {x: 0, y: 0, z: 0}
--- !u!108 &5176262983919705345
Light:
  m_ObjectHideFlags: 0
  m_CorrespondingSourceObject: {fileID: 0}
  m_PrefabInstance: {fileID: 0}
  m_PrefabAsset: {fileID: 0}
  m_GameObject: {fileID: 5096446017972645172}
  m_Enabled: 1
  serializedVersion: 10
  m_Type: 2
  m_Shape: 0
  m_Color: {r: 1, g: 1, b: 1, a: 1}
  m_Intensity: 2.47
  m_Range: 1
  m_SpotAngle: 30
  m_InnerSpotAngle: 21.80208
  m_CookieSize: 10
  m_Shadows:
    m_Type: 0
    m_Resolution: -1
    m_CustomResolution: -1
    m_Strength: 1
    m_Bias: 0.05
    m_NormalBias: 0.4
    m_NearPlane: 0.2
    m_CullingMatrixOverride:
      e00: 1
      e01: 0
      e02: 0
      e03: 0
      e10: 0
      e11: 1
      e12: 0
      e13: 0
      e20: 0
      e21: 0
      e22: 1
      e23: 0
      e30: 0
      e31: 0
      e32: 0
      e33: 1
    m_UseCullingMatrixOverride: 0
  m_Cookie: {fileID: 0}
  m_DrawHalo: 0
  m_Flare: {fileID: 0}
  m_RenderMode: 0
  m_CullingMask:
    serializedVersion: 2
    m_Bits: 4294967295
  m_RenderingLayerMask: 1
  m_Lightmapping: 4
  m_LightShadowCasterMode: 0
  m_AreaSize: {x: 1, y: 1}
  m_BounceIntensity: 1
  m_ColorTemperature: 6570
  m_UseColorTemperature: 0
  m_BoundingSphereOverride: {x: 0, y: 0, z: 0, w: 0}
  m_UseBoundingSphereOverride: 0
  m_UseViewFrustumForShadowCasterCull: 1
  m_ShadowRadius: 0
  m_ShadowAngle: 0
--- !u!1 &5298928408451364062
GameObject:
  m_ObjectHideFlags: 0
  m_CorrespondingSourceObject: {fileID: 0}
  m_PrefabInstance: {fileID: 0}
  m_PrefabAsset: {fileID: 0}
  serializedVersion: 6
  m_Component:
  - component: {fileID: 8251969910407685869}
  - component: {fileID: 2457261494443015190}
  - component: {fileID: 3837991872138312078}
  m_Layer: 0
  m_Name: Sphere
  m_TagString: Untagged
  m_Icon: {fileID: 0}
  m_NavMeshLayer: 0
  m_StaticEditorFlags: 0
  m_IsActive: 1
--- !u!4 &8251969910407685869
Transform:
  m_ObjectHideFlags: 0
  m_CorrespondingSourceObject: {fileID: 0}
  m_PrefabInstance: {fileID: 0}
  m_PrefabAsset: {fileID: 0}
  m_GameObject: {fileID: 5298928408451364062}
  m_LocalRotation: {x: 0, y: 0, z: 0, w: 1}
  m_LocalPosition: {x: 0, y: 0.093, z: 0}
  m_LocalScale: {x: 1, y: 0.56794, z: 1}
  m_Children: []
  m_Father: {fileID: 7694020610929228784}
  m_RootOrder: 3
  m_LocalEulerAnglesHint: {x: 0, y: 0, z: 0}
--- !u!33 &2457261494443015190
MeshFilter:
  m_ObjectHideFlags: 0
  m_CorrespondingSourceObject: {fileID: 0}
  m_PrefabInstance: {fileID: 0}
  m_PrefabAsset: {fileID: 0}
  m_GameObject: {fileID: 5298928408451364062}
  m_Mesh: {fileID: 10207, guid: 0000000000000000e000000000000000, type: 0}
--- !u!23 &3837991872138312078
MeshRenderer:
  m_ObjectHideFlags: 0
  m_CorrespondingSourceObject: {fileID: 0}
  m_PrefabInstance: {fileID: 0}
  m_PrefabAsset: {fileID: 0}
  m_GameObject: {fileID: 5298928408451364062}
  m_Enabled: 1
  m_CastShadows: 1
  m_ReceiveShadows: 1
  m_DynamicOccludee: 1
  m_MotionVectors: 1
  m_LightProbeUsage: 1
  m_ReflectionProbeUsage: 1
  m_RayTracingMode: 2
  m_RayTraceProcedural: 0
  m_RenderingLayerMask: 1
  m_RendererPriority: 0
  m_Materials:
  - {fileID: 2100000, guid: f31b4f5b298af804b95f92169a4d7781, type: 2}
  m_StaticBatchInfo:
    firstSubMesh: 0
    subMeshCount: 0
  m_StaticBatchRoot: {fileID: 0}
  m_ProbeAnchor: {fileID: 0}
  m_LightProbeVolumeOverride: {fileID: 0}
  m_ScaleInLightmap: 1
  m_ReceiveGI: 1
  m_PreserveUVs: 0
  m_IgnoreNormalsForChartDetection: 0
  m_ImportantGI: 0
  m_StitchLightmapSeams: 1
  m_SelectedEditorRenderState: 3
  m_MinimumChartSize: 4
  m_AutoUVMaxDistance: 0.5
  m_AutoUVMaxAngle: 89
  m_LightmapParameters: {fileID: 0}
  m_SortingLayerID: 0
  m_SortingLayer: 0
  m_SortingOrder: 0
  m_AdditionalVertexStreams: {fileID: 0}
--- !u!1 &5387403250660177528
GameObject:
  m_ObjectHideFlags: 0
  m_CorrespondingSourceObject: {fileID: 0}
  m_PrefabInstance: {fileID: 0}
  m_PrefabAsset: {fileID: 0}
  serializedVersion: 6
  m_Component:
  - component: {fileID: 2867464473615583401}
  - component: {fileID: 6830668934923949347}
  - component: {fileID: 5330936693029306043}
  m_Layer: 0
  m_Name: Cube (3)
  m_TagString: Untagged
  m_Icon: {fileID: 0}
  m_NavMeshLayer: 0
  m_StaticEditorFlags: 0
  m_IsActive: 1
--- !u!4 &2867464473615583401
Transform:
  m_ObjectHideFlags: 0
  m_CorrespondingSourceObject: {fileID: 0}
  m_PrefabInstance: {fileID: 0}
  m_PrefabAsset: {fileID: 0}
  m_GameObject: {fileID: 5387403250660177528}
  m_LocalRotation: {x: -0.16616526, y: 0.6264087, z: -0.19526781, w: 0.7361194}
  m_LocalPosition: {x: 0.037, y: -0.173, z: -0.527}
  m_LocalScale: {x: 0.53498, y: 0.27943, z: 0.22752}
  m_Children: []
  m_Father: {fileID: 7694020610929228784}
  m_RootOrder: 4
  m_LocalEulerAnglesHint: {x: 0, y: 80.793, z: -29.713}
--- !u!33 &6830668934923949347
MeshFilter:
  m_ObjectHideFlags: 0
  m_CorrespondingSourceObject: {fileID: 0}
  m_PrefabInstance: {fileID: 0}
  m_PrefabAsset: {fileID: 0}
  m_GameObject: {fileID: 5387403250660177528}
  m_Mesh: {fileID: 10202, guid: 0000000000000000e000000000000000, type: 0}
--- !u!23 &5330936693029306043
MeshRenderer:
  m_ObjectHideFlags: 0
  m_CorrespondingSourceObject: {fileID: 0}
  m_PrefabInstance: {fileID: 0}
  m_PrefabAsset: {fileID: 0}
  m_GameObject: {fileID: 5387403250660177528}
  m_Enabled: 1
  m_CastShadows: 1
  m_ReceiveShadows: 1
  m_DynamicOccludee: 1
  m_MotionVectors: 1
  m_LightProbeUsage: 1
  m_ReflectionProbeUsage: 1
  m_RayTracingMode: 2
  m_RayTraceProcedural: 0
  m_RenderingLayerMask: 1
  m_RendererPriority: 0
  m_Materials:
  - {fileID: 2100000, guid: 03b492c37dfdfb24b8d99cc0c6ebe3c0, type: 2}
  m_StaticBatchInfo:
    firstSubMesh: 0
    subMeshCount: 0
  m_StaticBatchRoot: {fileID: 0}
  m_ProbeAnchor: {fileID: 0}
  m_LightProbeVolumeOverride: {fileID: 0}
  m_ScaleInLightmap: 1
  m_ReceiveGI: 1
  m_PreserveUVs: 0
  m_IgnoreNormalsForChartDetection: 0
  m_ImportantGI: 0
  m_StitchLightmapSeams: 1
  m_SelectedEditorRenderState: 3
  m_MinimumChartSize: 4
  m_AutoUVMaxDistance: 0.5
  m_AutoUVMaxAngle: 89
  m_LightmapParameters: {fileID: 0}
  m_SortingLayerID: 0
  m_SortingLayer: 0
  m_SortingOrder: 0
  m_AdditionalVertexStreams: {fileID: 0}
--- !u!1 &5982609712059395659
GameObject:
  m_ObjectHideFlags: 0
  m_CorrespondingSourceObject: {fileID: 0}
  m_PrefabInstance: {fileID: 0}
  m_PrefabAsset: {fileID: 0}
  serializedVersion: 6
  m_Component:
  - component: {fileID: 1866338065340132239}
  - component: {fileID: 7456628794854426291}
  - component: {fileID: 7417434605589046587}
  m_Layer: 0
  m_Name: Cube (2)
  m_TagString: Untagged
  m_Icon: {fileID: 0}
  m_NavMeshLayer: 0
  m_StaticEditorFlags: 0
  m_IsActive: 1
--- !u!4 &1866338065340132239
Transform:
  m_ObjectHideFlags: 0
  m_CorrespondingSourceObject: {fileID: 0}
  m_PrefabInstance: {fileID: 0}
  m_PrefabAsset: {fileID: 0}
  m_GameObject: {fileID: 5982609712059395659}
  m_LocalRotation: {x: -0, y: -0, z: 0.2417769, w: 0.97033185}
  m_LocalPosition: {x: -0.4, y: -0.146, z: 0}
  m_LocalScale: {x: 0.53498, y: 0.27943, z: 0.22752}
  m_Children: []
  m_Father: {fileID: 7694020610929228784}
  m_RootOrder: 2
  m_LocalEulerAnglesHint: {x: 0, y: 0, z: 27.983}
--- !u!33 &7456628794854426291
MeshFilter:
  m_ObjectHideFlags: 0
  m_CorrespondingSourceObject: {fileID: 0}
  m_PrefabInstance: {fileID: 0}
  m_PrefabAsset: {fileID: 0}
  m_GameObject: {fileID: 5982609712059395659}
  m_Mesh: {fileID: 10202, guid: 0000000000000000e000000000000000, type: 0}
--- !u!23 &7417434605589046587
MeshRenderer:
  m_ObjectHideFlags: 0
  m_CorrespondingSourceObject: {fileID: 0}
  m_PrefabInstance: {fileID: 0}
  m_PrefabAsset: {fileID: 0}
  m_GameObject: {fileID: 5982609712059395659}
  m_Enabled: 1
  m_CastShadows: 1
  m_ReceiveShadows: 1
  m_DynamicOccludee: 1
  m_MotionVectors: 1
  m_LightProbeUsage: 1
  m_ReflectionProbeUsage: 1
  m_RayTracingMode: 2
  m_RayTraceProcedural: 0
  m_RenderingLayerMask: 1
  m_RendererPriority: 0
  m_Materials:
  - {fileID: 2100000, guid: d4c8bca14211e8c4c8bfd8578b2e014f, type: 2}
  m_StaticBatchInfo:
    firstSubMesh: 0
    subMeshCount: 0
  m_StaticBatchRoot: {fileID: 0}
  m_ProbeAnchor: {fileID: 0}
  m_LightProbeVolumeOverride: {fileID: 0}
  m_ScaleInLightmap: 1
  m_ReceiveGI: 1
  m_PreserveUVs: 0
  m_IgnoreNormalsForChartDetection: 0
  m_ImportantGI: 0
  m_StitchLightmapSeams: 1
  m_SelectedEditorRenderState: 3
  m_MinimumChartSize: 4
  m_AutoUVMaxDistance: 0.5
  m_AutoUVMaxAngle: 89
  m_LightmapParameters: {fileID: 0}
  m_SortingLayerID: 0
  m_SortingLayer: 0
  m_SortingOrder: 0
  m_AdditionalVertexStreams: {fileID: 0}
--- !u!1 &6385127767876467829
GameObject:
  m_ObjectHideFlags: 0
  m_CorrespondingSourceObject: {fileID: 0}
  m_PrefabInstance: {fileID: 0}
  m_PrefabAsset: {fileID: 0}
  serializedVersion: 6
  m_Component:
  - component: {fileID: 5073775809643488669}
  - component: {fileID: 4564980425246241736}
  - component: {fileID: 2804328898906151627}
  m_Layer: 0
  m_Name: Cube (1)
  m_TagString: Untagged
  m_Icon: {fileID: 0}
  m_NavMeshLayer: 0
  m_StaticEditorFlags: 0
  m_IsActive: 1
--- !u!4 &5073775809643488669
Transform:
  m_ObjectHideFlags: 0
  m_CorrespondingSourceObject: {fileID: 0}
  m_PrefabInstance: {fileID: 0}
  m_PrefabAsset: {fileID: 0}
  m_GameObject: {fileID: 6385127767876467829}
  m_LocalRotation: {x: -0, y: -0, z: -0.25639892, w: 0.9665711}
  m_LocalPosition: {x: 0.556, y: -0.146, z: 0}
  m_LocalScale: {x: 0.53498, y: 0.27943, z: 0.22752}
  m_Children: []
  m_Father: {fileID: 7694020610929228784}
  m_RootOrder: 1
  m_LocalEulerAnglesHint: {x: 0, y: 0, z: -29.713}
--- !u!33 &4564980425246241736
MeshFilter:
  m_ObjectHideFlags: 0
  m_CorrespondingSourceObject: {fileID: 0}
  m_PrefabInstance: {fileID: 0}
  m_PrefabAsset: {fileID: 0}
  m_GameObject: {fileID: 6385127767876467829}
  m_Mesh: {fileID: 10202, guid: 0000000000000000e000000000000000, type: 0}
--- !u!23 &2804328898906151627
MeshRenderer:
  m_ObjectHideFlags: 0
  m_CorrespondingSourceObject: {fileID: 0}
  m_PrefabInstance: {fileID: 0}
  m_PrefabAsset: {fileID: 0}
  m_GameObject: {fileID: 6385127767876467829}
  m_Enabled: 1
  m_CastShadows: 1
  m_ReceiveShadows: 1
  m_DynamicOccludee: 1
  m_MotionVectors: 1
  m_LightProbeUsage: 1
  m_ReflectionProbeUsage: 1
  m_RayTracingMode: 2
  m_RayTraceProcedural: 0
  m_RenderingLayerMask: 1
  m_RendererPriority: 0
  m_Materials:
  - {fileID: 2100000, guid: d4c8bca14211e8c4c8bfd8578b2e014f, type: 2}
  m_StaticBatchInfo:
    firstSubMesh: 0
    subMeshCount: 0
  m_StaticBatchRoot: {fileID: 0}
  m_ProbeAnchor: {fileID: 0}
  m_LightProbeVolumeOverride: {fileID: 0}
  m_ScaleInLightmap: 1
  m_ReceiveGI: 1
  m_PreserveUVs: 0
  m_IgnoreNormalsForChartDetection: 0
  m_ImportantGI: 0
  m_StitchLightmapSeams: 1
  m_SelectedEditorRenderState: 3
  m_MinimumChartSize: 4
  m_AutoUVMaxDistance: 0.5
  m_AutoUVMaxAngle: 89
  m_LightmapParameters: {fileID: 0}
  m_SortingLayerID: 0
  m_SortingLayer: 0
  m_SortingOrder: 0
  m_AdditionalVertexStreams: {fileID: 0}
--- !u!1 &7694020610929228780
GameObject:
  m_ObjectHideFlags: 0
  m_CorrespondingSourceObject: {fileID: 0}
  m_PrefabInstance: {fileID: 0}
  m_PrefabAsset: {fileID: 0}
  serializedVersion: 6
  m_Component:
  - component: {fileID: 7694020610929228784}
  - component: {fileID: 7694020610929228785}
  - component: {fileID: 4492831195621539666}
  - component: {fileID: 7694020611692084710}
  - component: {fileID: 7694020611692084709}
  - component: {fileID: 1652653408575179181}
  - component: {fileID: 3798031425289778205}
  - component: {fileID: 1205057536405547114}
  m_Layer: 0
  m_Name: Rocket
  m_TagString: Untagged
  m_Icon: {fileID: 0}
  m_NavMeshLayer: 0
  m_StaticEditorFlags: 0
  m_IsActive: 1
--- !u!4 &7694020610929228784
Transform:
  m_ObjectHideFlags: 0
  m_CorrespondingSourceObject: {fileID: 0}
  m_PrefabInstance: {fileID: 0}
  m_PrefabAsset: {fileID: 0}
  m_GameObject: {fileID: 7694020610929228780}
  m_LocalRotation: {x: 0, y: 0, z: 0, w: 1}
  m_LocalPosition: {x: 1.22, y: 1.77, z: 0.47}
  m_LocalScale: {x: 0.5075, y: 2, z: 0.5}
  m_Children:
  - {fileID: 7543483653834349085}
  - {fileID: 5073775809643488669}
  - {fileID: 1866338065340132239}
  - {fileID: 8251969910407685869}
  - {fileID: 2867464473615583401}
  - {fileID: 2227784081073210838}
  - {fileID: 1133311263668266055}
  - {fileID: 9076244329379533558}
  - {fileID: 4851579113983623141}
  - {fileID: 8699182978429620856}
  - {fileID: 8592934564712832189}
  - {fileID: 7037198361543169025}
  - {fileID: 6057848521058272379}
  - {fileID: 20991571766511102}
  m_Father: {fileID: 0}
  m_RootOrder: 0
  m_LocalEulerAnglesHint: {x: 0, y: 0, z: 0}
--- !u!33 &7694020610929228785
MeshFilter:
  m_ObjectHideFlags: 0
  m_CorrespondingSourceObject: {fileID: 0}
  m_PrefabInstance: {fileID: 0}
  m_PrefabAsset: {fileID: 0}
  m_GameObject: {fileID: 7694020610929228780}
  m_Mesh: {fileID: 10202, guid: 0000000000000000e000000000000000, type: 0}
--- !u!65 &4492831195621539666
BoxCollider:
  m_ObjectHideFlags: 0
  m_CorrespondingSourceObject: {fileID: 0}
  m_PrefabInstance: {fileID: 0}
  m_PrefabAsset: {fileID: 0}
  m_GameObject: {fileID: 7694020610929228780}
  m_Material: {fileID: 0}
  m_IsTrigger: 0
  m_Enabled: 1
  serializedVersion: 2
  m_Size: {x: 1.5446076, y: 0.820288, z: 1.571806}
  m_Center: {x: 0.070749894, y: -0.037174255, z: -0.010635465}
--- !u!54 &7694020611692084710
Rigidbody:
  m_ObjectHideFlags: 0
  m_CorrespondingSourceObject: {fileID: 0}
  m_PrefabInstance: {fileID: 0}
  m_PrefabAsset: {fileID: 0}
  m_GameObject: {fileID: 7694020610929228780}
  serializedVersion: 2
  m_Mass: 1
  m_Drag: 0.25
  m_AngularDrag: 0.05
  m_UseGravity: 1
  m_IsKinematic: 0
  m_Interpolate: 0
  m_Constraints: 56
  m_CollisionDetection: 0
--- !u!114 &7694020611692084709
MonoBehaviour:
  m_ObjectHideFlags: 0
  m_CorrespondingSourceObject: {fileID: 0}
  m_PrefabInstance: {fileID: 0}
  m_PrefabAsset: {fileID: 0}
  m_GameObject: {fileID: 7694020610929228780}
  m_Enabled: 1
  m_EditorHideFlags: 0
  m_Script: {fileID: 11500000, guid: fb00b8eb7da7e1a47acf82d760e40560, type: 3}
  m_Name: 
  m_EditorClassIdentifier: 
  mainThrust: 1000
  rotationThrust: 100
  mainEngine: {fileID: 0}
  mainEngineParticle: {fileID: 4754115962221213101}
  leftThrusterParticle: {fileID: 8497864018938386165}
  rightThrusterParticle: {fileID: 8797767494747756592}
--- !u!82 &1652653408575179181
AudioSource:
  m_ObjectHideFlags: 0
  m_CorrespondingSourceObject: {fileID: 0}
  m_PrefabInstance: {fileID: 0}
  m_PrefabAsset: {fileID: 0}
  m_GameObject: {fileID: 7694020610929228780}
  m_Enabled: 1
  serializedVersion: 4
  OutputAudioMixerGroup: {fileID: 0}
  m_audioClip: {fileID: 0}
  m_PlayOnAwake: 0
  m_Volume: 1
  m_Pitch: 1
  Loop: 0
  Mute: 0
  Spatialize: 0
  SpatializePostEffects: 0
  Priority: 128
  DopplerLevel: 1
  MinDistance: 1
  MaxDistance: 500
  Pan2D: 0
  rolloffMode: 0
  BypassEffects: 0
  BypassListenerEffects: 0
  BypassReverbZones: 0
  rolloffCustomCurve:
    serializedVersion: 2
    m_Curve:
    - serializedVersion: 3
      time: 0
      value: 1
      inSlope: 0
      outSlope: 0
      tangentMode: 0
      weightedMode: 0
      inWeight: 0.33333334
      outWeight: 0.33333334
    - serializedVersion: 3
      time: 1
      value: 0
      inSlope: 0
      outSlope: 0
      tangentMode: 0
      weightedMode: 0
      inWeight: 0.33333334
      outWeight: 0.33333334
    m_PreInfinity: 2
    m_PostInfinity: 2
    m_RotationOrder: 4
  panLevelCustomCurve:
    serializedVersion: 2
    m_Curve:
    - serializedVersion: 3
      time: 0
      value: 0
      inSlope: 0
      outSlope: 0
      tangentMode: 0
      weightedMode: 0
      inWeight: 0.33333334
      outWeight: 0.33333334
    m_PreInfinity: 2
    m_PostInfinity: 2
    m_RotationOrder: 4
  spreadCustomCurve:
    serializedVersion: 2
    m_Curve:
    - serializedVersion: 3
      time: 0
      value: 0
      inSlope: 0
      outSlope: 0
      tangentMode: 0
      weightedMode: 0
      inWeight: 0.33333334
      outWeight: 0.33333334
    m_PreInfinity: 2
    m_PostInfinity: 2
    m_RotationOrder: 4
  reverbZoneMixCustomCurve:
    serializedVersion: 2
    m_Curve:
    - serializedVersion: 3
      time: 0
      value: 1
      inSlope: 0
      outSlope: 0
      tangentMode: 0
      weightedMode: 0
      inWeight: 0.33333334
      outWeight: 0.33333334
    m_PreInfinity: 2
    m_PostInfinity: 2
    m_RotationOrder: 4
--- !u!114 &3798031425289778205
MonoBehaviour:
  m_ObjectHideFlags: 0
  m_CorrespondingSourceObject: {fileID: 0}
  m_PrefabInstance: {fileID: 0}
  m_PrefabAsset: {fileID: 0}
  m_GameObject: {fileID: 7694020610929228780}
  m_Enabled: 1
  m_EditorHideFlags: 0
  m_Script: {fileID: 11500000, guid: 0a9299881331faa4d82be421484426a7, type: 3}
  m_Name: 
  m_EditorClassIdentifier: 
  levelLoadDelay: 2
  success: {fileID: 8300000, guid: 8d2daf5f273a71f4f9fbc9c2fe7e9282, type: 3}
  crash: {fileID: 8300000, guid: 95bfc88267e838f45ae4595802f55b42, type: 3}
  successParticle: {fileID: 969796608509426577}
  crashParticle: {fileID: 9167821813197050668}
--- !u!114 &1205057536405547114
MonoBehaviour:
  m_ObjectHideFlags: 0
  m_CorrespondingSourceObject: {fileID: 0}
  m_PrefabInstance: {fileID: 0}
  m_PrefabAsset: {fileID: 0}
  m_GameObject: {fileID: 7694020610929228780}
  m_Enabled: 1
  m_EditorHideFlags: 0
  m_Script: {fileID: 11500000, guid: 1530ae1ed1084d2428caa84650b6da06, type: 3}
  m_Name: 
  m_EditorClassIdentifier: 
--- !u!1 &8701713902784239614
GameObject:
  m_ObjectHideFlags: 0
  m_CorrespondingSourceObject: {fileID: 0}
  m_PrefabInstance: {fileID: 0}
  m_PrefabAsset: {fileID: 0}
  serializedVersion: 6
  m_Component:
  - component: {fileID: 7543483653834349085}
  - component: {fileID: 7960516857720271473}
  - component: {fileID: 6514018159105579939}
  m_Layer: 0
  m_Name: Cube
  m_TagString: Untagged
  m_Icon: {fileID: 0}
  m_NavMeshLayer: 0
  m_StaticEditorFlags: 0
  m_IsActive: 1
--- !u!4 &7543483653834349085
Transform:
  m_ObjectHideFlags: 0
  m_CorrespondingSourceObject: {fileID: 0}
  m_PrefabInstance: {fileID: 0}
  m_PrefabAsset: {fileID: 0}
  m_GameObject: {fileID: 8701713902784239614}
  m_LocalRotation: {x: 0, y: 0, z: 0, w: 1}
  m_LocalPosition: {x: 0, y: 0, z: 0}
  m_LocalScale: {x: 1, y: 0.27943, z: 1}
  m_Children: []
  m_Father: {fileID: 7694020610929228784}
  m_RootOrder: 0
  m_LocalEulerAnglesHint: {x: 0, y: 0, z: 0}
--- !u!33 &7960516857720271473
MeshFilter:
  m_ObjectHideFlags: 0
  m_CorrespondingSourceObject: {fileID: 0}
  m_PrefabInstance: {fileID: 0}
  m_PrefabAsset: {fileID: 0}
  m_GameObject: {fileID: 8701713902784239614}
  m_Mesh: {fileID: 10202, guid: 0000000000000000e000000000000000, type: 0}
--- !u!23 &6514018159105579939
MeshRenderer:
  m_ObjectHideFlags: 0
  m_CorrespondingSourceObject: {fileID: 0}
  m_PrefabInstance: {fileID: 0}
  m_PrefabAsset: {fileID: 0}
  m_GameObject: {fileID: 8701713902784239614}
  m_Enabled: 1
  m_CastShadows: 1
  m_ReceiveShadows: 1
  m_DynamicOccludee: 1
  m_MotionVectors: 1
  m_LightProbeUsage: 1
  m_ReflectionProbeUsage: 1
  m_RayTracingMode: 2
  m_RayTraceProcedural: 0
  m_RenderingLayerMask: 1
  m_RendererPriority: 0
  m_Materials:
  - {fileID: 2100000, guid: 776b20227d06b2742a5daf1d78eb2c52, type: 2}
  m_StaticBatchInfo:
    firstSubMesh: 0
    subMeshCount: 0
  m_StaticBatchRoot: {fileID: 0}
  m_ProbeAnchor: {fileID: 0}
  m_LightProbeVolumeOverride: {fileID: 0}
  m_ScaleInLightmap: 1
  m_ReceiveGI: 1
  m_PreserveUVs: 0
  m_IgnoreNormalsForChartDetection: 0
  m_ImportantGI: 0
  m_StitchLightmapSeams: 1
  m_SelectedEditorRenderState: 3
  m_MinimumChartSize: 4
  m_AutoUVMaxDistance: 0.5
  m_AutoUVMaxAngle: 89
  m_LightmapParameters: {fileID: 0}
  m_SortingLayerID: 0
  m_SortingLayer: 0
  m_SortingOrder: 0
  m_AdditionalVertexStreams: {fileID: 0}
--- !u!1001 &1131746037679597711
PrefabInstance:
  m_ObjectHideFlags: 0
  serializedVersion: 2
  m_Modification:
    m_TransformParent: {fileID: 7694020610929228784}
    m_Modifications:
    - target: {fileID: 1664836844622050, guid: 62198a3a5dbb64a4f9e1618929224faa, type: 3}
      propertyPath: m_Name
      value: Success Particles
      objectReference: {fileID: 0}
    - target: {fileID: 4100699973242056, guid: 62198a3a5dbb64a4f9e1618929224faa, type: 3}
      propertyPath: m_RootOrder
      value: 6
      objectReference: {fileID: 0}
    - target: {fileID: 4100699973242056, guid: 62198a3a5dbb64a4f9e1618929224faa, type: 3}
      propertyPath: m_LocalScale.x
      value: 1.9704432
      objectReference: {fileID: 0}
    - target: {fileID: 4100699973242056, guid: 62198a3a5dbb64a4f9e1618929224faa, type: 3}
      propertyPath: m_LocalScale.y
      value: 2
      objectReference: {fileID: 0}
    - target: {fileID: 4100699973242056, guid: 62198a3a5dbb64a4f9e1618929224faa, type: 3}
      propertyPath: m_LocalScale.z
      value: 0.5
      objectReference: {fileID: 0}
    - target: {fileID: 4100699973242056, guid: 62198a3a5dbb64a4f9e1618929224faa, type: 3}
      propertyPath: m_LocalPosition.x
      value: 0.8430537
      objectReference: {fileID: 0}
    - target: {fileID: 4100699973242056, guid: 62198a3a5dbb64a4f9e1618929224faa, type: 3}
      propertyPath: m_LocalPosition.y
      value: 0.13653672
      objectReference: {fileID: 0}
    - target: {fileID: 4100699973242056, guid: 62198a3a5dbb64a4f9e1618929224faa, type: 3}
      propertyPath: m_LocalPosition.z
      value: 0.009531081
      objectReference: {fileID: 0}
    - target: {fileID: 4100699973242056, guid: 62198a3a5dbb64a4f9e1618929224faa, type: 3}
      propertyPath: m_LocalRotation.w
      value: 0.7071068
      objectReference: {fileID: 0}
    - target: {fileID: 4100699973242056, guid: 62198a3a5dbb64a4f9e1618929224faa, type: 3}
      propertyPath: m_LocalRotation.x
      value: -0.7071068
      objectReference: {fileID: 0}
    - target: {fileID: 4100699973242056, guid: 62198a3a5dbb64a4f9e1618929224faa, type: 3}
      propertyPath: m_LocalRotation.y
      value: -0
      objectReference: {fileID: 0}
    - target: {fileID: 4100699973242056, guid: 62198a3a5dbb64a4f9e1618929224faa, type: 3}
      propertyPath: m_LocalRotation.z
      value: -0
      objectReference: {fileID: 0}
    - target: {fileID: 4100699973242056, guid: 62198a3a5dbb64a4f9e1618929224faa, type: 3}
      propertyPath: m_LocalEulerAnglesHint.x
      value: -90
      objectReference: {fileID: 0}
    - target: {fileID: 4100699973242056, guid: 62198a3a5dbb64a4f9e1618929224faa, type: 3}
      propertyPath: m_LocalEulerAnglesHint.y
      value: 0
      objectReference: {fileID: 0}
    - target: {fileID: 4100699973242056, guid: 62198a3a5dbb64a4f9e1618929224faa, type: 3}
      propertyPath: m_LocalEulerAnglesHint.z
      value: 0
      objectReference: {fileID: 0}
    m_RemovedComponents: []
  m_SourcePrefab: {fileID: 100100000, guid: 62198a3a5dbb64a4f9e1618929224faa, type: 3}
--- !u!4 &1133311263668266055 stripped
Transform:
  m_CorrespondingSourceObject: {fileID: 4100699973242056, guid: 62198a3a5dbb64a4f9e1618929224faa, type: 3}
  m_PrefabInstance: {fileID: 1131746037679597711}
  m_PrefabAsset: {fileID: 0}
--- !u!198 &969796608509426577 stripped
ParticleSystem:
  m_CorrespondingSourceObject: {fileID: 198631066050499358, guid: 62198a3a5dbb64a4f9e1618929224faa, type: 3}
  m_PrefabInstance: {fileID: 1131746037679597711}
  m_PrefabAsset: {fileID: 0}
--- !u!1001 &4847501346260195537
PrefabInstance:
  m_ObjectHideFlags: 0
  serializedVersion: 2
  m_Modification:
    m_TransformParent: {fileID: 7694020610929228784}
    m_Modifications:
    - target: {fileID: 1113205305641416, guid: a3553fd250eb92d4091bebde350c6739, type: 3}
      propertyPath: m_Name
      value: Rocket Jet Particles
      objectReference: {fileID: 0}
    - target: {fileID: 4940884351362868, guid: a3553fd250eb92d4091bebde350c6739, type: 3}
      propertyPath: m_RootOrder
      value: 8
      objectReference: {fileID: 0}
    - target: {fileID: 4940884351362868, guid: a3553fd250eb92d4091bebde350c6739, type: 3}
      propertyPath: m_LocalPosition.x
      value: 0
      objectReference: {fileID: 0}
    - target: {fileID: 4940884351362868, guid: a3553fd250eb92d4091bebde350c6739, type: 3}
      propertyPath: m_LocalPosition.y
      value: -0.225
      objectReference: {fileID: 0}
    - target: {fileID: 4940884351362868, guid: a3553fd250eb92d4091bebde350c6739, type: 3}
      propertyPath: m_LocalPosition.z
      value: 0
      objectReference: {fileID: 0}
    - target: {fileID: 4940884351362868, guid: a3553fd250eb92d4091bebde350c6739, type: 3}
      propertyPath: m_LocalRotation.w
      value: 0.66023767
      objectReference: {fileID: 0}
    - target: {fileID: 4940884351362868, guid: a3553fd250eb92d4091bebde350c6739, type: 3}
      propertyPath: m_LocalRotation.x
      value: 0.75105673
      objectReference: {fileID: 0}
    - target: {fileID: 4940884351362868, guid: a3553fd250eb92d4091bebde350c6739, type: 3}
      propertyPath: m_LocalRotation.y
      value: 0.000000017006187
      objectReference: {fileID: 0}
    - target: {fileID: 4940884351362868, guid: a3553fd250eb92d4091bebde350c6739, type: 3}
      propertyPath: m_LocalRotation.z
      value: 0.000000017006187
      objectReference: {fileID: 0}
    - target: {fileID: 4940884351362868, guid: a3553fd250eb92d4091bebde350c6739, type: 3}
      propertyPath: m_LocalEulerAnglesHint.x
      value: 97.36401
      objectReference: {fileID: 0}
    - target: {fileID: 4940884351362868, guid: a3553fd250eb92d4091bebde350c6739, type: 3}
      propertyPath: m_LocalEulerAnglesHint.y
      value: -0.000015258789
      objectReference: {fileID: 0}
    - target: {fileID: 4940884351362868, guid: a3553fd250eb92d4091bebde350c6739, type: 3}
      propertyPath: m_LocalEulerAnglesHint.z
      value: -0.000015258789
      objectReference: {fileID: 0}
    - target: {fileID: 198100719057022332, guid: a3553fd250eb92d4091bebde350c6739, type: 3}
      propertyPath: ShapeModule.radius.value
      value: 0.12
      objectReference: {fileID: 0}
    m_RemovedComponents: []
  m_SourcePrefab: {fileID: 100100000, guid: a3553fd250eb92d4091bebde350c6739, type: 3}
--- !u!4 &4851579113983623141 stripped
Transform:
  m_CorrespondingSourceObject: {fileID: 4940884351362868, guid: a3553fd250eb92d4091bebde350c6739, type: 3}
  m_PrefabInstance: {fileID: 4847501346260195537}
  m_PrefabAsset: {fileID: 0}
--- !u!198 &4754115962221213101 stripped
ParticleSystem:
  m_CorrespondingSourceObject: {fileID: 198100719057022332, guid: a3553fd250eb92d4091bebde350c6739, type: 3}
  m_PrefabInstance: {fileID: 4847501346260195537}
  m_PrefabAsset: {fileID: 0}
--- !u!1001 &8217592659538708050
PrefabInstance:
  m_ObjectHideFlags: 0
  serializedVersion: 2
  m_Modification:
    m_TransformParent: {fileID: 7694020610929228784}
    m_Modifications:
    - target: {fileID: 765908706338028246, guid: d4b06ebeeaf0ac044aeed997d98443c2, type: 3}
      propertyPath: m_Name
      value: Right Thruster Particles
      objectReference: {fileID: 0}
    - target: {fileID: 771087676723270698, guid: d4b06ebeeaf0ac044aeed997d98443c2, type: 3}
      propertyPath: m_RootOrder
      value: 9
      objectReference: {fileID: 0}
    - target: {fileID: 771087676723270698, guid: d4b06ebeeaf0ac044aeed997d98443c2, type: 3}
      propertyPath: m_LocalPosition.x
      value: -0.61
      objectReference: {fileID: 0}
    - target: {fileID: 771087676723270698, guid: d4b06ebeeaf0ac044aeed997d98443c2, type: 3}
      propertyPath: m_LocalPosition.y
      value: -0.224
      objectReference: {fileID: 0}
    - target: {fileID: 771087676723270698, guid: d4b06ebeeaf0ac044aeed997d98443c2, type: 3}
      propertyPath: m_LocalPosition.z
      value: 0.049
      objectReference: {fileID: 0}
    - target: {fileID: 771087676723270698, guid: d4b06ebeeaf0ac044aeed997d98443c2, type: 3}
      propertyPath: m_LocalRotation.w
      value: 0.5254327
      objectReference: {fileID: 0}
    - target: {fileID: 771087676723270698, guid: d4b06ebeeaf0ac044aeed997d98443c2, type: 3}
      propertyPath: m_LocalRotation.x
      value: 0.028222276
      objectReference: {fileID: 0}
    - target: {fileID: 771087676723270698, guid: d4b06ebeeaf0ac044aeed997d98443c2, type: 3}
      propertyPath: m_LocalRotation.y
      value: -0.6651187
      objectReference: {fileID: 0}
    - target: {fileID: 771087676723270698, guid: d4b06ebeeaf0ac044aeed997d98443c2, type: 3}
      propertyPath: m_LocalRotation.z
      value: 0.52985007
      objectReference: {fileID: 0}
    - target: {fileID: 771087676723270698, guid: d4b06ebeeaf0ac044aeed997d98443c2, type: 3}
      propertyPath: m_LocalEulerAnglesHint.x
      value: 132.736
      objectReference: {fileID: 0}
    - target: {fileID: 771087676723270698, guid: d4b06ebeeaf0ac044aeed997d98443c2, type: 3}
      propertyPath: m_LocalEulerAnglesHint.y
      value: -260.36
      objectReference: {fileID: 0}
    - target: {fileID: 771087676723270698, guid: d4b06ebeeaf0ac044aeed997d98443c2, type: 3}
      propertyPath: m_LocalEulerAnglesHint.z
      value: -130.079
      objectReference: {fileID: 0}
    m_RemovedComponents: []
  m_SourcePrefab: {fileID: 100100000, guid: d4b06ebeeaf0ac044aeed997d98443c2, type: 3}
--- !u!4 &8699182978429620856 stripped
Transform:
  m_CorrespondingSourceObject: {fileID: 771087676723270698, guid: d4b06ebeeaf0ac044aeed997d98443c2, type: 3}
  m_PrefabInstance: {fileID: 8217592659538708050}
  m_PrefabAsset: {fileID: 0}
--- !u!198 &8797767494747756592 stripped
ParticleSystem:
  m_CorrespondingSourceObject: {fileID: 584678573886053986, guid: d4b06ebeeaf0ac044aeed997d98443c2, type: 3}
  m_PrefabInstance: {fileID: 8217592659538708050}
  m_PrefabAsset: {fileID: 0}
--- !u!1001 &9075677240601594007
PrefabInstance:
  m_ObjectHideFlags: 0
  serializedVersion: 2
  m_Modification:
    m_TransformParent: {fileID: 7694020610929228784}
    m_Modifications:
    - target: {fileID: 765908706338028246, guid: d4b06ebeeaf0ac044aeed997d98443c2, type: 3}
      propertyPath: m_Name
      value: Left Thruster Particles
      objectReference: {fileID: 0}
    - target: {fileID: 771087676723270698, guid: d4b06ebeeaf0ac044aeed997d98443c2, type: 3}
      propertyPath: m_RootOrder
      value: 10
      objectReference: {fileID: 0}
    - target: {fileID: 771087676723270698, guid: d4b06ebeeaf0ac044aeed997d98443c2, type: 3}
      propertyPath: m_LocalPosition.x
      value: 0.488
      objectReference: {fileID: 0}
    - target: {fileID: 771087676723270698, guid: d4b06ebeeaf0ac044aeed997d98443c2, type: 3}
      propertyPath: m_LocalPosition.y
      value: -0.224
      objectReference: {fileID: 0}
    - target: {fileID: 771087676723270698, guid: d4b06ebeeaf0ac044aeed997d98443c2, type: 3}
      propertyPath: m_LocalPosition.z
      value: -0.078
      objectReference: {fileID: 0}
    - target: {fileID: 771087676723270698, guid: d4b06ebeeaf0ac044aeed997d98443c2, type: 3}
      propertyPath: m_LocalRotation.w
      value: 0.43113196
      objectReference: {fileID: 0}
    - target: {fileID: 771087676723270698, guid: d4b06ebeeaf0ac044aeed997d98443c2, type: 3}
      propertyPath: m_LocalRotation.x
      value: 0.7159356
      objectReference: {fileID: 0}
    - target: {fileID: 771087676723270698, guid: d4b06ebeeaf0ac044aeed997d98443c2, type: 3}
      propertyPath: m_LocalRotation.y
      value: -0.0062391725
      objectReference: {fileID: 0}
    - target: {fileID: 771087676723270698, guid: d4b06ebeeaf0ac044aeed997d98443c2, type: 3}
      propertyPath: m_LocalRotation.z
      value: 0.5491107
      objectReference: {fileID: 0}
    - target: {fileID: 771087676723270698, guid: d4b06ebeeaf0ac044aeed997d98443c2, type: 3}
      propertyPath: m_LocalEulerAnglesHint.x
      value: 141.37799
      objectReference: {fileID: 0}
    - target: {fileID: 771087676723270698, guid: d4b06ebeeaf0ac044aeed997d98443c2, type: 3}
      propertyPath: m_LocalEulerAnglesHint.y
      value: -88.151
      objectReference: {fileID: 0}
    - target: {fileID: 771087676723270698, guid: d4b06ebeeaf0ac044aeed997d98443c2, type: 3}
      propertyPath: m_LocalEulerAnglesHint.z
      value: -36.48401
      objectReference: {fileID: 0}
    m_RemovedComponents: []
  m_SourcePrefab: {fileID: 100100000, guid: d4b06ebeeaf0ac044aeed997d98443c2, type: 3}
--- !u!4 &8592934564712832189 stripped
Transform:
  m_CorrespondingSourceObject: {fileID: 771087676723270698, guid: d4b06ebeeaf0ac044aeed997d98443c2, type: 3}
  m_PrefabInstance: {fileID: 9075677240601594007}
  m_PrefabAsset: {fileID: 0}
--- !u!198 &8497864018938386165 stripped
ParticleSystem:
  m_CorrespondingSourceObject: {fileID: 584678573886053986, guid: d4b06ebeeaf0ac044aeed997d98443c2, type: 3}
  m_PrefabInstance: {fileID: 9075677240601594007}
  m_PrefabAsset: {fileID: 0}
--- !u!1001 &9077725741200842220
PrefabInstance:
  m_ObjectHideFlags: 0
  serializedVersion: 2
  m_Modification:
    m_TransformParent: {fileID: 7694020610929228784}
    m_Modifications:
    - target: {fileID: 1469142659871422, guid: ab79a37535b979f48b6de56e3a0a5cb0, type: 3}
      propertyPath: m_Name
      value: Explosion Particles
      objectReference: {fileID: 0}
    - target: {fileID: 4436899185823514, guid: ab79a37535b979f48b6de56e3a0a5cb0, type: 3}
      propertyPath: m_RootOrder
      value: 7
      objectReference: {fileID: 0}
    - target: {fileID: 4436899185823514, guid: ab79a37535b979f48b6de56e3a0a5cb0, type: 3}
      propertyPath: m_LocalScale.x
      value: 1.9704432
      objectReference: {fileID: 0}
    - target: {fileID: 4436899185823514, guid: ab79a37535b979f48b6de56e3a0a5cb0, type: 3}
      propertyPath: m_LocalScale.y
      value: 0.5
      objectReference: {fileID: 0}
    - target: {fileID: 4436899185823514, guid: ab79a37535b979f48b6de56e3a0a5cb0, type: 3}
      propertyPath: m_LocalScale.z
      value: 2
      objectReference: {fileID: 0}
    - target: {fileID: 4436899185823514, guid: ab79a37535b979f48b6de56e3a0a5cb0, type: 3}
      propertyPath: m_LocalPosition.x
      value: 0.84305394
      objectReference: {fileID: 0}
    - target: {fileID: 4436899185823514, guid: ab79a37535b979f48b6de56e3a0a5cb0, type: 3}
      propertyPath: m_LocalPosition.y
      value: 0.078594804
      objectReference: {fileID: 0}
    - target: {fileID: 4436899185823514, guid: ab79a37535b979f48b6de56e3a0a5cb0, type: 3}
      propertyPath: m_LocalPosition.z
      value: -0.10781443
      objectReference: {fileID: 0}
    - target: {fileID: 4436899185823514, guid: ab79a37535b979f48b6de56e3a0a5cb0, type: 3}
      propertyPath: m_LocalRotation.w
      value: 1
      objectReference: {fileID: 0}
    - target: {fileID: 4436899185823514, guid: ab79a37535b979f48b6de56e3a0a5cb0, type: 3}
      propertyPath: m_LocalRotation.x
      value: -0
      objectReference: {fileID: 0}
    - target: {fileID: 4436899185823514, guid: ab79a37535b979f48b6de56e3a0a5cb0, type: 3}
      propertyPath: m_LocalRotation.y
      value: -0
      objectReference: {fileID: 0}
    - target: {fileID: 4436899185823514, guid: ab79a37535b979f48b6de56e3a0a5cb0, type: 3}
      propertyPath: m_LocalRotation.z
      value: -0
      objectReference: {fileID: 0}
    - target: {fileID: 4436899185823514, guid: ab79a37535b979f48b6de56e3a0a5cb0, type: 3}
      propertyPath: m_LocalEulerAnglesHint.x
      value: 0
      objectReference: {fileID: 0}
    - target: {fileID: 4436899185823514, guid: ab79a37535b979f48b6de56e3a0a5cb0, type: 3}
      propertyPath: m_LocalEulerAnglesHint.y
      value: 0
      objectReference: {fileID: 0}
    - target: {fileID: 4436899185823514, guid: ab79a37535b979f48b6de56e3a0a5cb0, type: 3}
      propertyPath: m_LocalEulerAnglesHint.z
      value: 0
      objectReference: {fileID: 0}
    m_RemovedComponents: []
  m_SourcePrefab: {fileID: 100100000, guid: ab79a37535b979f48b6de56e3a0a5cb0, type: 3}
--- !u!4 &9076244329379533558 stripped
Transform:
  m_CorrespondingSourceObject: {fileID: 4436899185823514, guid: ab79a37535b979f48b6de56e3a0a5cb0, type: 3}
  m_PrefabInstance: {fileID: 9077725741200842220}
  m_PrefabAsset: {fileID: 0}
--- !u!198 &9167821813197050668 stripped
ParticleSystem:
  m_CorrespondingSourceObject: {fileID: 198204746014789312, guid: ab79a37535b979f48b6de56e3a0a5cb0, type: 3}
  m_PrefabInstance: {fileID: 9077725741200842220}
  m_PrefabAsset: {fileID: 0}
